%% This BibTeX bibliography file was created using BibDesk.
%% http://bibdesk.sourceforge.net/

%% Created for Tim Benedikt Herbstrith at 2015-10-11 17:57:46 +0200 


%% Saved with string encoding Unicode (UTF-8) 



@misc{encodings,
	Author = {Frank Mittelbach and Robin Fairbairns and Werner Lemberg},
	Date-Added = {2015-10-11 15:44:24 +0000},
	Date-Modified = {2015-10-11 15:56:06 +0000},
	Title = {\LaTeX font encodings},
	Url = {http://tug.ctan.org/macros/latex/doc/encguide.pdf},
	Year = {2014}}

@book{gutenberg,
	Address = {Mainz},
	Date-Added = {2015-10-11 15:09:01 +0000},
	Date-Modified = {2015-10-11 15:26:05 +0000},
	Publisher = {Druckerei der 42-zeiligen Bibel, d.i. Johann Gutenberg, Johann Fust und Peter Sch{\"o}ffer},
	Title = {Biblia latina},
	Year = {um 1454-55, nicht nach August 1456}}

@book{l2short,
	Date-Added = {2015-10-11 14:03:00 +0000},
	Date-Modified = {2015-10-11 15:57:46 +0000},
	Publisher = {Marco Daniel and Patrick Gundlach and Walter Schmidt and J{\"o}rg Knappen and Hubert Partl and Irene Hyna},
	Title = {\LaTeXe{}-Kurzbeschreibung},
	Url = {http://mirror.easyname.at/ctan/info/lshort/german/l2kurz.pdf},
	Year = {2015},
	Bdsk-Url-1 = {http://mirror.easyname.at/ctan/info/lshort/german/l2kurz.pdf}}

@book{texbuch,
	Date-Added = {2015-10-11 13:55:48 +0000},
	Date-Modified = {2015-10-11 15:57:29 +0000},
	Publisher = {Fritz Cremer},
	Read = {0},
	Title = {Das kleine \TeX-Buch},
	Url = {http://mirror.easyname.at/ctan/info/german/texbuch/texbuch.pdf},
	Year = {1993},
	Bdsk-Url-1 = {http://mirror.easyname.at/ctan/info/german/texbuch/texbuch.pdf}}
